@article{LUO2018315,
title = "Piecewise linear regression-based single image super-resolution via Hadamard transform",
journal = "Information Sciences",
volume = "462",
pages = "315 - 330",
year = "2018",
issn = "0020-0255",
doi ="https://doi.org/10.1016/j.ins.2018.06.030",
url ="http://www.sciencedirect.com/science/article/pii/S0020025518304717",
author ="Jingjing Luo and Xianfang Sun and Man Lung Yiu and Longcun Jin and Xinyi Peng",
keywords ="Single image super-resolution, Hadamard transform, Decision tree"
}
@article{IRANI1991231,
title = "Improving resolution by image registration",
journal = "CVGIP: Graphical Models and Image Processing",
volume = "53",
number = "3",
pages = "231 - 239",
year = "1991",
issn = "1049-9652",
doi = "https://doi.org/10.1016/1049-9652(91)90045-L",
url = "http://www.sciencedirect.com/science/article/pii/104996529190045L",
author = "Michal Irani and Shmuel Peleg"
}

@ARTICLE{1033210,
author={S. Baker and T. Kanade},
journal={IEEE Transactions on Pattern Analysis and Machine Intelligence},
title={Limits on super-resolution and how to break them},
year={2002},
volume={24},
number={9},
pages={1167-1183},
keywords={Bayes methods;feature extraction;image reconstruction;optical transfer function;RMS pixel error;data sets;frontal images;hallucination algorithm;image formation process;local feature recognition;low resolution input images;magnification factor;printed Roman text;reconstruction algorithm;reconstruction constraints;smoothness prior;super-resolution algorithm;super-resolution algorithms;super-resolution image;super-resolution limits;Algorithm design and analysis;Image analysis;Image generation;Image recognition;Image reconstruction;Image resolution;Image sequence analysis;Information analysis;Reconstruction algorithms},
doi={10.1109/TPAMI.2002.1033210},
ISSN={0162-8828},
month={Sep},}

@article{yang2010image,
  title={Image super-resolution via sparse representation},
  author={Yang, Jianchao and Wright, John and Huang, Thomas S and Ma, Yi},
  journal={IEEE Transactions on Image Processing},
  volume={19},
  number={11},
  pages={2861--2873},
  year={2010},
  doi={10.1109/TIP.2010.2050625},
  publisher={IEEE}
}

@ARTICLE{lu2013image,
author={X. Lu and Y. Yuan and P. Yan},
journal={IEEE Transactions on Circuits and Systems for Video Technology},
title={Image Super-Resolution Via Double Sparsity Regularized Manifold Learning},
year={2013},
volume={23},
number={12},
pages={2022-2033},
keywords={image coding;image resolution;learning (artificial intelligence);DSRML;double sparsity regularized manifold learning;geometrical structure;image SR performance;image frame patch;image super-resolution;online video systems;single-image SR;single-image super-resolution;sparse coding methods;sparse linear combinations;Dictionaries;Image coding;Image reconstruction;Image resolution;Manifolds;Robustness;Training;Double sparsity;manifold learning;single-image super-resolution (SR);sparse coding},
doi={10.1109/TCSVT.2013.2244798},
ISSN={1051-8215},
month={Dec},
}

@ARTICLE{kim2010single,
author={K. I. Kim and Y. Kwon},
journal={IEEE Transactions on Pattern Analysis and Machine Intelligence},
title={Single-Image Super-Resolution Using Sparse Regression and Natural Image Prior},
year={2010},
volume={32},
number={6},
pages={1127-1133},
keywords={gradient methods;image matching;image resolution;regression analysis;Kernel ridge regression;gradient descent;image resolution;kernel matching pursuit;natural image prior;sparse regression;Displays;Energy resolution;Image enhancement;Image resolution;Kernel;Machine learning;Machine learning algorithms;Matching pursuit algorithms;Spatial resolution;Testing;Computer vision;display algorithms.;image enhancement;machine learning},
doi={10.1109/TPAMI.2010.25},
ISSN={0162-8828},
month={June},
}

@ARTICLE{zhang2015learning,
author={K. Zhang and D. Tao and X. Gao and X. Li and Z. Xiong},
journal={IEEE Transactions on Image Processing},
title={Learning Multiple Linear Mappings for Efficient Single Image Super-Resolution},
year={2015},
volume={24},
number={3},
pages={846-861},
keywords={image resolution;image restoration;learning (artificial intelligence);HR subspace;LR feature subspace;LR subdictionaries learning;MLM learning;SR algorithm;SR enhancement;example learning-based superresolution algorithm;high-resolution image restoration;multiple linear mapping learning;similarity-based regularization term;single image super-resolution;Dictionaries;Feature extraction;Image reconstruction;Principal component analysis;Training;Transforms;Vectors;Fast non-local means;feature subspace;multiple linear mappings (MLMs);single image super-resolution (SR);single image super-resolution (SR).},
doi={10.1109/TIP.2015.2389629},
ISSN={1057-7149},
month={March},
}
@ARTICLE{ni2007image,
author={K. S. Ni and T. Q. Nguyen},
journal={IEEE Transactions on Image Processing},
title={Image Superresolution Using Support Vector Regression},
year={2007},
volume={16},
number={6},
pages={1596-1610},
keywords={discrete cosine transforms;image resolution;quadratic programming;regression analysis;support vector machines;DCT;classification techniques;convex optimization problem;discrete cosine transform;image superresolution problem;isolated image content;kernel learning problem;kernel resolution synthesis;quadratically constrained quadratic programming problem;semi-definite programming problem;support vector regression;Discrete cosine transforms;Engineering drawings;Extrapolation;Humans;Image resolution;Information filtering;Information filters;Kernel;Machine learning;Quadratic programming;Kernel matrix;nonlinear regression;resolution synthesis;superresolution;support vector regression (SVR);Algorithms;Artificial Intelligence;Data Interpretation, Statistical;Image Enhancement;Image Interpretation, Computer-Assisted;Imaging, Three-Dimensional;Pattern Recognition, Automated;Regression Analysis;Reproducibility of Results;Sensitivity and Specificity},
doi={10.1109/TIP.2007.896644},
ISSN={1057-7149},
month={June},
}

@INPROCEEDINGS{he2011single,
author={H. He and W. C. Siu},
booktitle={CVPR 2011},
title={Single image super-resolution using Gaussian process regression},
year={2011},
volume={},
number={},
pages={449-456},
keywords={Gaussian processes;image resolution;image restoration;pattern clustering;regression analysis;Gaussian process regression;covariance function;edge-directed super-resolution algorithms;example-based super-resolution algorithms;image deblurring;original low-resolution image;single image super resolution;soft clustering;Equations;Ground penetrating radar;Image edge detection;Image resolution;Mathematical model;Strontium;Training},
doi={10.1109/CVPR.2011.5995713},
ISSN={1063-6919},
month={June},
}



@article{li2015learning,
title = "Learning local Gaussian process regression for image super-resolution",
journal = "Neurocomputing",
volume = "154",
pages = "284 - 295",
year = "2015",
issn = "0925-2312",
doi = "https://doi.org/10.1016/j.neucom.2014.11.064",
url = "http://www.sciencedirect.com/science/article/pii/S0925231214016580",
author = "Jianmin Li and Yanyun Qu and Cuihua Li and Yuan Xie and Yang Wu and Jianping Fan",
keywords = "Super resolution, Data-driven Gaussian process regression, Prototype-based Gaussian process regression, Covariance matrix, Low resolution, High resolution"
}

@article{wang2016image,
title = "Image super-resolution using non-local Gaussian process regression",
journal = "Neurocomputing",
volume = "194",
pages = "95 - 106",
year = "2016",
issn = "0925-2312",
doi = "https://doi.org/10.1016/j.neucom.2016.01.073",
url = "http://www.sciencedirect.com/science/article/pii/S0925231216002332",
author = "Haijun Wang and Xinbo Gao and Kaibing Zhang and Jie Li",
keywords = "Gaussian process regression, Grid sampling, Image super-resolution, Kernel, Non-local self-learning"
}


@INPROCEEDINGS{shi2016real,
author={W. Shi and J. Caballero and F. Husz√°r and J. Totz and A. P. Aitken and R. Bishop and D. Rueckert and Z. Wang},
booktitle={2016 IEEE Conference on Computer Vision and Pattern Recognition (CVPR)},
title={Real-Time Single Image and Video Super-Resolution Using an Efficient Sub-Pixel Convolutional Neural Network},
year={2016},
volume={},
number={},
pages={1874-1883},
keywords={filtering theory;image resolution;neural nets;video signal processing;HR space;computational complexity;convolutional neural network;handcrafted bicubic filter;high resolution space;novel CNN architecture;real-time single image super-resolution;sub-pixel convolutional neural network;upscaling filters;video super-resolution;Convolution;Convolutional codes;Feature extraction;Image reconstruction;Image resolution;Interpolation;Neural networks},
doi={10.1109/CVPR.2016.207},
ISSN={},
month={June},}


@INPROCEEDINGS{huang2004extreme,
author={Guang-Bin Huang and Qin-Yu Zhu and Chee-Kheong Siew},
booktitle={2004 IEEE International Joint Conference on Neural Networks (IEEE Cat. No.04CH37541)},
title={Extreme learning machine: a new learning scheme of feedforward neural networks},
year={2004},
volume={2},
number={},
pages={985-990 vol.2},
keywords={feedforward neural nets;function approximation;generalisation (artificial intelligence);gradient methods;learning (artificial intelligence);pattern classification;classification problems;extreme learning machine;function approximation;iterative tuning;learning speed;network parameter tuning;neural network training;single hidden layer feedforward neural networks;slow gradient based learning algorithms;Algorithm design and analysis;Approximation algorithms;Feedforward neural networks;Function approximation;Iterative algorithms;Joining processes;Machine learning;Multi-layer neural network;Neural networks;Neurons},
doi={10.1109/IJCNN.2004.1380068},
ISSN={1098-7576},
month={July},}



@article{huang2006extreme,
title = "Extreme learning machine: Theory and applications",
journal = "Neurocomputing",
volume = "70",
number = "1",
pages = "489 - 501",
year = "2006",
note = "Neural Networks",
issn = "0925-2312",
doi = "https://doi.org/10.1016/j.neucom.2005.12.126",
url = "http://www.sciencedirect.com/science/article/pii/S0925231206000385",
author = "Guang-Bin Huang and Qin-Yu Zhu and Chee-Kheong Siew",
keywords = "Feedforward neural networks, Back-propagation algorithm, Extreme learning machine, Support vector machine, Real-time learning, Random node"
}

@ARTICLE{huang2012extreme,
author={G. B. Huang and H. Zhou and X. Ding and R. Zhang},
journal={IEEE Transactions on Systems, Man, and Cybernetics, Part B (Cybernetics)},
title={Extreme Learning Machine for Regression and Multiclass Classification},
year={2012},
volume={42},
number={2},
pages={513-529},
keywords={computational complexity;feedforward neural nets;learning (artificial intelligence);least squares approximations;optimisation;pattern classification;polynomials;regression analysis;support vector machines;ELM;LS-SVM;PSVM;binary classification applications;computational complexity;conventional feedforward neural networks;extreme learning machine;feature mapping;generalized single-hidden-layer feedforward networks;least square support vector machine;multiclass classification;optimization method;polynomial network;proximal support vector machine;regression;regularization algorithms;Approximation methods;Feedforward neural networks;Kernel;Machine learning;Optimization;Support vector machines;Training;Extreme learning machine (ELM);feature mapping;kernel;least square support vector machine (LS-SVM);proximal support vector machine (PSVM);regularization network},
doi={10.1109/TSMCB.2011.2168604},
ISSN={1083-4419},
month={April},
}

@ARTICLE{bartlett1998sample,
author={P. L. Bartlett},
journal={IEEE Transactions on Information Theory},
title={The sample complexity of pattern classification with neural networks: the size of the weights is more important than the size of the network},
year={1998},
volume={44},
number={2},
pages={525-536},
keywords={error analysis;feedforward neural nets;learning (artificial intelligence);pattern classification;probability;signal sampling;bounded metric space;computational learning theory;decision boundaries;early stopping;error estimate;generalization performance;input dimension;input domain;misclassification probability;network parameters;network size;neural network learning;neural networks;pattern classification;sample complexity;sigmoid units;small squared error;squared error;training patterns;two-layer feedforward network;upper bounds;weight decay;weights size;Computer networks;Neural networks;Pattern analysis;Pattern classification;Pattern recognition;Probability distribution;Statistical learning;Training data;Upper bound;Virtual colonoscopy},
doi={10.1109/18.661502},
ISSN={0018-9448},
month={Mar},}

@ARTICLE{lin2004fundamental,
author={Zhouchen Lin and Heung-Yeung Shum},
journal={IEEE Transactions on Pattern Analysis and Machine Intelligence},
title={Fundamental limits of reconstruction-based superresolution algorithms under local translation},
year={2004},
volume={26},
number={1},
pages={83-97},
keywords={image reconstruction;image resolution;perturbation techniques;coefficient matrix;conditioning analysis;high resolution images;image formation process;image reconstruction;image resolution;linear systems;local translation;perturbation theory;superresolution algorithms;superresolution fundamental limits;Algorithm design and analysis;Asia;Computational modeling;Equations;Floors;Image reconstruction;Image resolution;Image sensors;Kernel;Linear systems;Algorithms;Artificial Intelligence;Computer Graphics;Computer Simulation;Image Enhancement;Image Interpretation, Computer-Assisted;Imaging, Three-Dimensional;Information Storage and Retrieval;Linear Models;Numerical Analysis, Computer-Assisted;Pattern Recognition, Automated;Reproducibility of Results;Sensitivity and Specificity;Signal Processing, Computer-Assisted;Subtraction Technique},
doi={10.1109/TPAMI.2004.1261081},
ISSN={0162-8828},
month={Jan},}

@article{chan2007superresolution,
title = "Superresolution image reconstruction using fast inpainting algorithms",
journal = "Applied and Computational Harmonic Analysis",
volume = "23",
number = "1",
pages = "3 - 24",
year = "2007",
note = "Special Issue on Mathematical Imaging",
issn = "1063-5203",
doi = "https://doi.org/10.1016/j.acha.2006.09.005",
url = "http://www.sciencedirect.com/science/article/pii/S1063520307000218",
author = "Tony F. Chan and Michael K. Ng and Andy C. Yau and Andy M. Yip"
}

@ARTICLE{mallat2010super,
author={S. Mallat and G. Yu},
journal={IEEE Transactions on Image Processing},
title={Super-Resolution With Sparse Mixing Estimators},
year={2010},
volume={19},
number={11},
pages={2889-2900},
keywords={image representation;image resolution;interpolation;inverse problems;wavelet transforms;adaptive directional image interpolations;inverse problem estimators;linear estimators;sparse mixing estimators;sparse signal representation;superresolution;wavelet frame;Block matching pursuit;Tikhonov regularization;interpolation;inverse problem;mixing estimator;structured sparsity;super-resolution;wavelet},
doi={10.1109/TIP.2010.2049927},
ISSN={1057-7149},
month={Nov},}

@ARTICLE{dong2013sparse,
author={W. Dong and L. Zhang and R. Lukac and G. Shi},
journal={IEEE Transactions on Image Processing},
title={Sparse Representation Based Image Interpolation With Nonlocal Autoregressive Modeling},
year={2013},
volume={22},
number={4},
pages={1382-1394},
keywords={autoregressive processes;edge detection;image representation;image resolution;image restoration;interpolation;natural scenes;Dirac delta function;FSIM;HR image;LR image;NARM-based image interpolation;NARM-induced sampling matrix;PSNR;SRM;SSIM;blurring kernel;data fidelity;edge structure reconstruction;high-resolution image;image blurring;image local structure;image nonlocal self-similarity;image superresolution;jaggy/ringing artifact suppression;low-resolution image;natural image;nonlocal autoregressive modeling;perceptual quality metrics;representation dictionary;sparse representation based image interpolation;sparse representation model;Coherence;Dictionaries;Image reconstruction;Image resolution;Interpolation;Principal component analysis;Sparse matrices;Image interpolation;nonlocal autoregressive model;sparse representation;super-resolution;Algorithms;Animals;Butterflies;Face;Humans;Image Processing, Computer-Assisted;Models, Statistical;Starfish},
doi={10.1109/TIP.2012.2231086},
ISSN={1057-7149},
month={April},}

@ARTICLE{yang2012coupled,
author={J. Yang and Z. Wang and Z. Lin and S. Cohen and T. Huang},
journal={IEEE Transactions on Image Processing},
title={Coupled Dictionary Training for Image Super-Resolution},
year={2012},
volume={21},
number={8},
pages={3467-3478},
keywords={dictionaries;gradient methods;image representation;image resolution;image restoration;inference mechanisms;learning (artificial intelligence);minimisation;neural nets;stochastic processes;‚Ñì1-norm minimization problem;HR image patch;LR dictionary;SR algorithm;bilevel optimization problem;coupled dictionary learning;coupled dictionary training;fast sparse inference;high-resolution image patch space;image restoration;learning problem;learning process;low-resolution image patch space;neural network model;patchwise sparse recovery;single-image super-resolution;sparse representation;stochastic gradient descent;Dictionaries;Image coding;Image resolution;Joints;Optimization;Signal resolution;Training;Dictionary learning;image restoration;image super-resolution;sparse coding;sparse recovery;Algorithms;Image Enhancement;Image Interpretation, Computer-Assisted;Neural Networks (Computer);Pattern Recognition, Automated;Reproducibility of Results;Sensitivity and Specificity;Subtraction Technique},
doi={10.1109/TIP.2012.2192127},
ISSN={1057-7149},
month={Aug},}

@ARTICLE{lu2014alternatively,
author={X. Lu and Y. Yuan and P. Yan},
journal={IEEE Transactions on Cybernetics},
title={Alternatively Constrained Dictionary Learning For Image Superresolution},
year={2014},
volume={44},
number={3},
pages={366-377},
keywords={dictionaries;geometry;image coding;image resolution;learning (artificial intelligence);constrained dictionary learning algorithm;geometrical structure;high-resolution image;image superresolution;low-resolution image;novel dictionary-pair learning method;novel sparse coding-based algorithm;sparse representation model;two-stage dictionary training;unsupervised learning method;Image superresolution;manifold learning;nonlocal self-similarity;two-stage dictionary training (TSDT)},
doi={10.1109/TCYB.2013.2256347},
ISSN={2168-2267},
month={March},}


@INPROCEEDINGS{wang2012semi,
author={S. Wang and L. Zhang and Y. Liang and Q. Pan},
booktitle={2012 IEEE Conference on Computer Vision and Pattern Recognition},
title={Semi-coupled dictionary learning with applications to image super-resolution and photo-sketch synthesis},
year={2012},
volume={},
number={},
pages={2216-2223},
keywords={computer vision;dictionaries;image resolution;learning (artificial intelligence);pattern clustering;SCDL model;accurate conversion across styles;computer vision applications;cross-style image synthesis problems;dictionary pair;image conversion;image nonlocal redundancy;image super-resolution;intrinsic relationship;mapping function;pattern clustering;photo-sketch synthesis;robustness;semicoupled dictionary learning;structural domains;Clustering algorithms;Dictionaries;Encoding;Face;Image generation;Image reconstruction;Image resolution},
doi={10.1109/CVPR.2012.6247930},
ISSN={1063-6919},
month={June},}

@Article{freeman2000learning,
author="Freeman, William T.
and Pasztor, Egon C.
and Carmichael, Owen T.",
title="Learning Low-Level Vision",
journal="International Journal of Computer Vision",
year="2000",
month="Oct",
day="01",
volume="40",
number="1",
pages="25--47",
abstract="We describe a learning-based method for low-level vision problems---estimating scenes from images. We generate a synthetic world of scenes and their corresponding rendered images, modeling their relationships with a Markov network. Bayesian belief propagation allows us to efficiently find a local maximum of the posterior probability for the scene, given an image. We call this approach VISTA---Vision by Image/Scene TrAining.",
issn="1573-1405",
doi="10.1023/A:1026501619075",
url="https://doi.org/10.1023/A:1026501619075"
}


@INPROCEEDINGS{yang2013fast,
author={C. Y. Yang and M. H. Yang},
booktitle={2013 IEEE International Conference on Computer Vision},
title={Fast Direct Super-Resolution by Simple Functions},
year={2013},
volume={},
number={},
pages={561-568},
keywords={image reconstruction;image resolution;fast direct super-resolution;high-quality high-resolution image;image reconstruction;single-image super-resolution;split input space;Feature extraction;Image edge detection;Image reconstruction;Image resolution;Interpolation;Kernel;Training;cluster;fast;linear regression;single-image super-resolution;subspace},
doi={10.1109/ICCV.2013.75},
ISSN={1550-5499},
month={Dec},}

@ARTICLE{wang2017single,
author={H. Wang and X. Gao and K. Zhang and J. Li},
journal={IEEE Transactions on Image Processing},
title={Single Image Super-Resolution Using Gaussian Process Regression With Dictionary-Based Sampling and Student- ${t}$ Likelihood},
year={2017},
volume={26},
number={7},
pages={3556-3568},
keywords={Gaussian processes;dictionaries;image resolution;image texture;regression analysis;DbS;GPR;Gaussian process regression;SR reconstruction;compact representative training subset;computational complexity;dictionary based sampling;expected latent space;nonlinear mapping model;observation model;observed space;single image super resolution;statistical learning method;student-t likelihood;texture regions;Computational modeling;Dictionaries;Ground penetrating radar;Image reconstruction;Image resolution;Kernel;Training;Gaussian process regression;Super-resolution;dictionary-based sampling;student-t likelihood},
doi={10.1109/TIP.2017.2700725},
ISSN={1057-7149},
month={July},}


@INPROCEEDINGS{kim2016accurate,
author={J. Kim and J. K. Lee and K. M. Lee},
booktitle={2016 IEEE Conference on Computer Vision and Pattern Recognition (CVPR)},
title={Accurate Image Super-Resolution Using Very Deep Convolutional Networks},
year={2016},
volume={},
number={},
pages={1646-1654},
keywords={gradient methods;image classification;image resolution;neural nets;ImageNet classification;VGG-net;extremely high learning rates;gradient clipping;image super-resolution method;very deep convolutional networks;Convergence;Convolution;Image reconstruction;Signal resolution;Spatial resolution;Training},
doi={10.1109/CVPR.2016.182},
ISSN={},
month={June},}

@INPROCEEDINGS{kim2016deeply,
author={J. Kim and J. K. Lee and K. M. Lee},
booktitle={2016 IEEE Conference on Computer Vision and Pattern Recognition (CVPR)},
title={Deeply-Recursive Convolutional Network for Image Super-Resolution},
year={2016},
volume={},
number={},
pages={1637-1645},
keywords={gradient methods;image resolution;neural nets;DRCN;SR;deeply-recursive convolutional network;image super-resolution method;recursive-supervision;skip-connection;standard gradient descent method;Computational modeling;Computer vision;High definition video;Image reconstruction;Image resolution;Neural networks;Training},
doi={10.1109/CVPR.2016.181},
ISSN={},
month={June},}

@INPROCEEDINGS{lai2017deep,
author={W. S. Lai and J. B. Huang and N. Ahuja and M. H. Yang},
booktitle={2017 IEEE Conference on Computer Vision and Pattern Recognition (CVPR)},
title={Deep Laplacian Pyramid Networks for Fast and Accurate Super-Resolution},
year={2017},
volume={},
number={},
pages={5835-5843},
keywords={image reconstruction;image resolution;neural nets;LapSRN;Laplacian Pyramid Super-Resolution Network;coarse-resolution feature maps;convolutional neural networks;deep Laplacian Pyramid networks;deep supervision;high-frequency residuals;high-quality reconstruction;high-resolution images;multiscale predictions;progressive reconstruction;pyramid level;robust Charbonnier loss function;single-image super-resolution;sub-band residuals;transposed convolutions;Convolution;Feature extraction;Image reconstruction;Laplace equations;Spatial resolution;Training},
doi={10.1109/CVPR.2017.618},
ISSN={1063-6919},
month={July},}


@ARTICLE{huang2006universal,
author={},
journal={IEEE Transactions on Neural Networks},
title={Universal approximation using incremental constructive feedforward networks with random hidden nodes},
year={2006},
volume={17},
number={4},
pages={879-892},
keywords={learning (artificial intelligence);radial basis function networks;transfer functions;additive nodes;bounded nonconstant piecewise continuous functions;incremental constructive feedforward networks;integrable piecewise continuous functions;neural network theories;nondifferential activation functions;radial basis function hidden nodes;random hidden nodes;single-hidden-layer feedforward networks;threshold networks;universal approximation;Artificial neural networks;Automatic control;Feedforward neural networks;Function approximation;Helium;Joining processes;Machine learning;Neural networks;Radial basis function networks;Support vector machines;Ensemble;feedforward network;incremental extreme learning machine;radial basis function;random hidden nodes;support vector machine;threshold network;universal approximation},
doi={10.1109/TNN.2006.875977},
ISSN={1045-9227},
month={July},}

@INPROCEEDINGS{an2012image,
author={L. An and B. Bhanu},
booktitle={2012 19th IEEE International Conference on Image Processing},
title={Image super-resolution by extreme learning machine},
year={2012},
volume={},
number={},
pages={2209-2212},
keywords={image resolution;interpolation;learning (artificial intelligence);ELM;extreme learning machine;fine structure;high-frequency component;high-resolution image;image feature;image super-resolution;interpolated low-resolution image;Feature extraction;Hafnium;Image resolution;Machine learning;Signal resolution;Training;Vectors;Image;feature;learning;super-resolution},
doi={10.1109/ICIP.2012.6467333},
ISSN={1522-4880},
month={Sept},}

@Article{sidike2017fast,
author="Sidike, Paheding
and Krieger, Evan
and Alom, M. Zahangir
and Asari, Vijayan K.
and Taha, Tarek",
title="A fast single-image super-resolution via directional edge-guided regularized extreme learning regression",
journal="Signal, Image and Video Processing",
year="2017",
month="Jul",
day="01",
volume="11",
number="5",
pages="961--968",
abstract="The goal of super-resolution (SR) is to increase the spatial resolution of a low-resolution (LR) image by a certain factor using either single or multiple LR input images. This paper presents a machine learning-based approach to reconstruct a high-resolution (HR) image from a single LR image. Inspired by the human visual cortex system, which is sensitive to high-frequency (HF) components in an image, we aim to model this concept by training a neural network to estimate the missing HF components that contain structural details. In our method, various directional edge responses at each pixel are considered to obtain more complete HF information and then a regularized extreme learning regression model is trained using a set of LR and HR images. Finally, the trained system is applied to a LR image to generate HR image. The experimental results confirm the effectiveness and efficiency of the proposed scheme in comparison with the state-of-the-art SR methods.",
issn="1863-1711",
doi="10.1007/s11760-016-1045-8",
url="https://doi.org/10.1007/s11760-016-1045-8"
}


@INPROCEEDINGS{cosmo2017single,
author={D. L. Cosmo and F. K. Inaba and E. O. T. Salles},
booktitle={2017 30th SIBGRAPI Conference on Graphics, Patterns and Images (SIBGRAPI)},
title={Single Image Super-Resolution Using Multiple Extreme Learning Machine Regressors},
year={2017},
volume={},
number={},
pages={397-404},
keywords={image reconstruction;image resolution;learning (artificial intelligence);regression analysis;MELM;deep learning reconstruction quality;global ELM regressor;low resolution images;multiple extreme learning machine regressors;single image super resolution reconstruction problem;Feature extraction;Image color analysis;Image reconstruction;Image resolution;Interpolation;Reconstruction algorithms;Training},
doi={10.1109/SIBGRAPI.2017.59},
ISSN={},
month={Oct},}

@INPROCEEDINGS{timofte2013anchored,
author={R. Timofte and V. De and L. V. Gool},
booktitle={2013 IEEE International Conference on Computer Vision},
title={Anchored Neighborhood Regression for Fast Example-Based Super-Resolution},
year={2013},
volume={},
number={},
pages={1920-1927},
keywords={image coding;image reconstruction;image resolution;collaborative coding;fast example-based super-resolution;image super-resolution;image upscaling;neighborhood regression;sparse learned dictionaries;super-resolution mapping reduction;Dictionaries;Encoding;Image resolution;Interpolation;PSNR;Signal resolution;Training;anchored neighborhood regression;neighbor embedding;ridge regression;sparse coding;super-resolution},
doi={10.1109/ICCV.2013.241},
ISSN={1550-5499},
month={Dec},}

@inproceedings{timofte2014a+,
  title={A+: Adjusted anchored neighborhood regression for fast super-resolution},
  author={Timofte, Radu and De Smet, Vincent and Van Gool, Luc},
  booktitle={Asian Conference on Computer Vision (ACCV)},
  pages={111--126},
  year={2014},
  doi={10.1007/978-3-319-16817-3_8}

@article{huang2017learning,
  title={Learning Hierarchical Decision Trees for Single-Image Super-Resolution},
  author={Huang, Jun-Jie and Siu, Wan-Chi},
  journal={IEEE Transactions on Circuits and Systems for Video Technology},
  volume={27},
  number={5},
  pages={937--950},
  year={2017},
  publisher={IEEE}
}
@inproceedings{huang2015practical,
  title={Practical application of random forests for super-resolution imaging},
  author={Huang, Jun-Jie and Siu, Wan-Chi},
  booktitle={IEEE International Symposium on Circuits and Systems (ISCAS)},
  pages={2161--2164},
  year={2015},
  doi={10.1109/ISCAS.2015.7169108}
}

@article{huang2015fast,
  title={Fast image interpolation via random forests},
  author={Huang, Jun-Jie and Siu, Wan-Chi and Liu, Tian-Rui},
  journal={IEEE Transactions on Image Processing},
  volume={24},
  number={10},
  pages={3232--3245},
  year={2015},
  doi={10.1109/TIP.2015.2440751}
}

@inproceedings{schulter2015fast,
  title={Fast and accurate image upscaling with super-resolution forests},
  author={Schulter, Samuel and Leistner, Christian and Bischof, Horst},
  booktitle={IEEE Conference on Computer Vision and Pattern Recognition (CVPR)},
  pages={3791--3799},
  year={2015},
  doi={10.1109/CVPR.2015.7299003}
}
@article{xiong2018gradient,
title = "Gradient boosting for single image super-resolution",
journal = "Information Sciences",
volume = "454-455",
pages = "328 - 343",
year = "2018",
issn = "0020-0255",
doi = "https://doi.org/10.1016/j.ins.2018.04.075",
url = "http://www.sciencedirect.com/science/article/pii/S0020025516316401",
author = "Dongping Xiong and Qiuling Gui and Wenguang Hou and Mingyue Ding",
keywords = "Single image super-resolution, Gradient tree boosting, Multi-output regression"
}

@article{dong2016image,
  title={Image super-resolution using deep convolutional networks},
  author={Dong, Chao and Loy, Chen Change and He, Kaiming and Tang, Xiaoou},
  journal={IEEE Transactions on Pattern Analysis and Machine Intelligence},
  volume={38},
  number={2},
  pages={295--307},
  year={2016},
  doi={10.1109/TPAMI.2015.2439281},
  publisher={IEEE}
}


@inproceedings{lai2017deep,
  title={Deep laplacian pyramid networks for fast and accurate super-resolution},
  author={Lai, Wei-Sheng and Huang, Jia-Bin and Ahuja, Narendra and Yang, Ming-Hsuan},
  booktitle={IEEE Conference on Computer Vision and Pattern Recognition (CVPR)},
  pages={5835-5843},
  year={2017},
  doi={10.1109/CVPR.2017.618}
}
@INPROCEEDINGS{tai2017image,
author={Y. Tai and J. Yang and X. Liu},
booktitle={2017 IEEE Conference on Computer Vision and Pattern Recognition (CVPR)},
title={Image Super-Resolution via Deep Recursive Residual Network},
year={2017},
volume={},
number={},
pages={2790-2798},
keywords={convolution;image resolution;learning (artificial intelligence);recurrent neural nets;Convolutional Neural Network;Deep Recursive Residual Network;Single Image Super-Resolution;deep CNN model;recursive learning;residual learning;Computational modeling;Convolution;Convolutional codes;Image resolution;Image restoration;Neural networks;Training},
doi={10.1109/CVPR.2017.298},
ISSN={1063-6919},
month={July},}




@inproceedings{dong2014learning,
  title={Learning a deep convolutional network for image super-resolution},
  author={Dong, Chao and Loy, Chen Change and He, Kaiming and Tang, Xiaoou},
  booktitle={European Conference on Computer Vision},
  pages={184--199},
  year={2014},
  organization={Springer}
}

@inproceedings{zeyde2010single,
 author = {Zeyde, Roman and Elad, Michael and Protter, Matan},
 title = {On Single Image Scale-up Using Sparse-representations},
 booktitle = {Proceedings of the 7th International Conference on Curves and Surfaces},
 year = {2012},
 isbn = {978-3-642-27412-1},
 location = {Avignon, France},
 pages = {711--730},
 numpages = {20},
 url = {https://doi.org/10.1007/978-3-642-27413-8_47},
 doi = {10.1007/978-3-642-27413-8_47},
 acmid = {2187645},
 publisher = {Springer-Verlag},
 address = {Berlin, Heidelberg},
}
