
@article{keys1981cubic,
  title={Cubic convolution interpolation for digital image processing},
  author={Keys, Robert},
  journal={IEEE Transactions on Acoustics, Speech, and Signal Processing},
  volume={29},
  number={6},
  pages={1153--1160},
  year={1981},
  doi={10.1109/TASSP.1981.1163711},
  publisher={IEEE}
}

@inproceedings{timofte2013anchored,
  title={Anchored neighborhood regression for fast example-based super-resolution},
  author={Timofte, Radu and De Smet, Vincent and Van Gool, Luc},
  booktitle={IEEE International Conference on Computer Vision (ICCV)},
  pages={1920--1927},
  doi={10.1109/ICCV.2013.241},
  year={2013}
}

@inproceedings{timofte2014a+,
  title={A+: Adjusted anchored neighborhood regression for fast super-resolution},
  author={Timofte, Radu and De Smet, Vincent and Van Gool, Luc},
  booktitle={Asian Conference on Computer Vision (ACCV)},
  pages={111--126},
  year={2014},
  doi={10.1007/978-3-319-16817-3_8}

@inproceedings{dong2014learning,
  title={Learning a deep convolutional network for image super-resolution},
  author={Dong, Chao and Loy, Chen Change and He, Kaiming and Tang, Xiaoou},
  booktitle={European Conference on Computer Vision (ECCV)},
  pages={184--199},
  year={2014},
  doi={10.1007/978-3-319-10593-2_13}
}

@article{dong2016image,
  title={Image super-resolution using deep convolutional networks},
  author={Dong, Chao and Loy, Chen Change and He, Kaiming and Tang, Xiaoou},
  journal={IEEE Transactions on Pattern Analysis and Machine Intelligence},
  volume={38},
  number={2},
  pages={295--307},
  year={2016},
  doi={10.1109/TPAMI.2015.2439281},
  publisher={IEEE}
}

@inproceedings{yang2013fast,
  title={Fast direct super-resolution by simple functions},
  author={Yang, Chih-Yuan and Yang, Ming-Hsuan},
  booktitle={IEEE International Conference on Computer Vision (ICCV)},
  pages={561--568},
  year={2013},
  doi={10.1109/ICCV.2013.75}
}

@inproceedings{huang2015practical,
  title={Practical application of random forests for super-resolution imaging},
  author={Huang, Jun-Jie and Siu, Wan-Chi},
  booktitle={IEEE International Symposium on Circuits and Systems (ISCAS)},
  pages={2161--2164},
  year={2015},
  doi={10.1109/ISCAS.2015.7169108}
}

@article{huang2017learning,
  title={Learning Hierarchical Decision Trees for Single-Image Super-Resolution},
  author={Huang, Jun-Jie and Siu, Wan-Chi},
  journal={IEEE Transactions on Circuits and Systems for Video Technology},
  volume={27},
  number={5},
  pages={937--950},
  year={2017},
  doi={10.1109/TCSVT.2015.2513661}
}

@article{huang2015fast,
  title={Fast image interpolation via random forests},
  author={Huang, Jun-Jie and Siu, Wan-Chi and Liu, Tian-Rui},
  journal={IEEE Transactions on Image Processing},
  volume={24},
  number={10},
  pages={3232--3245},
  year={2015},
  doi={10.1109/TIP.2015.2440751}
}

@book{breiman1984classification,
  title={Classification and regression trees},
  author={Breiman, Leo and Friedman, Jerome and Stone, Charles J and Olshen, Richard A},
  year={1984},
  doi={10.1007/978-3-319-03629-8_10},
  publisher={CRC press}
}

@inproceedings{zeyde2010single,
  title={On single image scale-up using sparse-representations},
  author={Zeyde, Roman and Elad, Michael and Protter, Matan},
  booktitle={International Conference on Curves and Surfaces},
  pages={711--730},
  year={2010},
  doi={10.1007/978-3-642-27413-8_47}
}

@article{lehmann2001addendum,
  title={Addendum: B-spline interpolation in medical image processing},
  author={Lehmann, Thomas Martin and Gonner, Claudia and Spitzer, Klaus},
  journal={IEEE Transactions on Medical Imaging},
  volume={20},
  number={7},
  pages={660--665},
  year={2001},
  doi={10.1109/42.932749}
}

@inproceedings{bevilacqua2012low,
  title={Low-complexity single-image super-resolution based on nonnegative neighbor embedding},
  author={Bevilacqua, Marco and Roumy, Aline and Guillemot, Christine and Alberi-Morel, Marie Line},
  booktitle={British Machine Vision Conference (BMVC)},
  year={2012},
  doi={10.5244/C.26.135},Super-resolution with sparse mixing estimators
  publisher={BMVA press}
}

@article{yang2010image,
  title={Image super-resolution via sparse representation},
  author={Yang, Jianchao and Wright, John and Huang, Thomas S and Ma, Yi},
  journal={IEEE Transactions on Image Processing},
  volume={19},
  number={11},
  pages={2861--2873},
  year={2010},
  doi={10.1109/TIP.2010.2050625},
  publisher={IEEE}
}

@inproceedings{huang2015single,
  title={Single image super-resolution from transformed self-exemplars},
  author={Huang, Jia-Bin and Singh, Abhishek and Ahuja, Narendra},
  booktitle={IEEE Conference on Computer Vision and Pattern Recognition (CVPR)},
  pages={5197--5206},
  doi={10.1109/CVPR.2015.7299156},
  year={2015}
}

@article{wang2004image,
  title={Image quality assessment: from error visibility to structural similarity},
  author={Wang, Zhou and Bovik, Alan C and Sheikh, Hamid R and Simoncelli, Eero P},
  journal={IEEE Transactions on Image Processing},
  volume={13},
  number={4},
  pages={600--612},
  year={2004},
  doi={10.1109/TIP.2003.819861},
  publisher={IEEE}
}

@inproceedings{sun2008image,
  title={Image super-resolution using gradient profile prior},
  author={Sun, Jian and Xu, Zongben and Shum, Heung-Yeung},
  booktitle={IEEE Conference on Computer Vision and Pattern Recognition (CVPR)},
  pages={1--8},
  year={2008},
  doi={10.1109/CVPR.2008.4587659}
}

@article{peleg2014statistical,
  title={A statistical prediction model based on sparse representations for single image super-resolution},
  author={Peleg, Tomer and Elad, Michael},
  journal={IEEE Transactions on Image Processing},
  volume={23},
  number={6},
  pages={2569--2582},
  year={2014},
  doi={10.1109/TIP.2014.2305844},
  publisher={IEEE}
}

@inproceedings{schulter2015fast,
  title={Fast and accurate image upscaling with super-resolution forests},
  author={Schulter, Samuel and Leistner, Christian and Bischof, Horst},
  booktitle={IEEE Conference on Computer Vision and Pattern Recognition (CVPR)},
  pages={3791--3799},
  year={2015},
  doi={10.1109/CVPR.2015.7299003}
}

@inproceedings{lai2017deep,
  title={Deep laplacian pyramid networks for fast and accurate super-resolution},
  author={Lai, Wei-Sheng and Huang, Jia-Bin and Ahuja, Narendra and Yang, Ming-Hsuan},
  booktitle={IEEE Conference on Computer Vision and Pattern Recognition (CVPR)},
  pages={5835-5843},
  year={2017},
  doi={10.1109/CVPR.2017.618}
}

@inproceedings{perez2016half,
  title={Half hypersphere confinement for piecewise linear regression},
  author={P{\'e}rez-Pellitero, Eduardo and Salvador, Jordi and Ruiz-Hidalgo, Javier and Rosenhahn, Bodo},
  booktitle={IEEE Winter Conference on Applications of Computer Vision (WACV)},
  pages={1--9},
  year={2016},
  doi={10.1109/WACV.2016.7477651}
}

@article{perez2016antipodally,
  title={Antipodally invariant metrics for fast regression-based super-resolution},
  author={P{\'e}rez-Pellitero, Eduardo and Salvador, Jordi and Ruiz-Hidalgo, Javier and Rosenhahn, Bodo},
  journal={IEEE Transactions on Image Processing},
  volume={25},
  number={6},
  pages={2456--2468},
  year={2016},
  doi={10.1109/TIP.2016.2549362},
  publisher={IEEE}
}

@article{arbelaez2011contour,
  title={Contour detection and hierarchical image segmentation},
  author={Arbelaez, Pablo and Maire, Michael and Fowlkes, Charless and Malik, Jitendra},
  journal={IEEE Transactions on Pattern Analysis and Machine Intelligence},
  volume={33},
  number={5},
  pages={898--916},
  year={2011},
  doi={10.1109/TPAMI.2010.161},
  publisher={IEEE}
}

@inproceedings{heo2012spherical,
  title={Spherical hashing},
  author={Heo, Jae-Pil and Lee, Youngwoon and He, Junfeng and Chang, Shih-Fu and Yoon, Sung-Eui},
  booktitle={IEEE Conference on Computer Vision and Pattern Recognition (CVPR)},
  pages={2957--2964},
  year={2012},
  doi={10.1109/CVPR.2012.6248024}
}

@article{bell1966walsh,
  title={Walsh functions and Hadamard matrixes},
  author={Bell, DA},
  journal={Electronics Letters},
  volume={2},
  number={9},
  pages={340--341},
  year={1966},
  doi={10.1049/el:19660286},
  publisher={IET}
}

@inproceedings{petrosian2002new,
  title={New classes of hybrid Hadamard-wavelet transforms for signal-image processing},
  author={Petrosian, Arthur},
  booktitle={Engineering in Medicine and Biology, 24th Annual Conference and the Annual Fall Meeting of the Biomedical Engineering Society EMBS/BMES Conference},
  pages={153--154},
  year={2002},
  doi={10.1109/IEMBS.2002.1134432}
}

@article{pratt1969hadamard,
  title={Hadamard transform image coding},
  author={Pratt, William K and Kane, Julius and Andrews, Harry C},
  journal={Proceedings of the IEEE},
  volume={57},
  number={1},
  pages={58--68},
  year={1969},
  doi={10.1109/PROC.1969.6869},
  publisher={IEEE}
}

@inproceedings{anshi1993research,
  title={A research on fast Hadamard transform digital systems},
  author={Anshi, Chen and Di, Li and Renzhong, Zhou},
  booktitle={IEEE Region 10 Conference on TENCON'93. Proceedings. Computer, Communication, Control and Power Engineering},
  pages={541--545},
  year={1993},
  doi={10.1109/TENCON.1993.328044}
}

@Inbook{Ye2017,
author="Ye, Mei
and Ye, Hunian
and Yan, Guangwei",
editor="Huang, YongAn
and Wu, Hao
and Liu, Honghai
and Yin, Zhouping",
title="HADAMARD Transform Sample Matrix Used in Compressed Sensing Super-Resolution Imaging",
bookTitle="Intelligent Robotics and Applications: 10th International Conference, ICIRA 2017, Wuhan, China, August 16--18, 2017, Proceedings, Part III",
year="2017",
publisher="Springer International Publishing",
address="Cham",
pages="796--807",
doi="10.1007/978-3-319-65298-6_71"
}

@article{ZHAO2018292,
title = {Local patch encoding-based method for single image super-resolution},
journal = {Information Sciences},
volume = {433-434},
pages = {292--305},
year = {2018},
issn = {0020-0255},
doi = {10.1016/j.ins.2017.12.032},
author = {Yang Zhao and Ronggang Wang and Wei Jia and Jianchao Yang and Wenmin Wang and Wen Gao}
}

@article{GONG20151,
title = {Combining sparse representation and local rank constraint for single image super resolution},
journal = {Information Sciences},
volume = {325},
pages = {1--19},
year = {2015},
issn = {0020-0255},
doi = {10.1016/j.ins.2015.07.004},
author = {Weiguo Gong and Lunting Hu and Jinming Li and Weihong Li}
}

@article{LI2015257,
title = {Dual-sparsity regularized sparse representation for single image super-resolution},
journal = {Information Sciences},
volume = {298},
pages = {257--273},
year = {2015},
issn = {0020-0255},
doi = {10.1016/j.ins.2014.11.032},
author = {Jinming Li and Weiguo Gong and Weihong Li}
}

@article{LI2016196,
title = {Single image super-resolution reconstruction based on genetic algorithm and regularization prior model},
journal = {Information Sciences},
volume = {372},
pages = {196--207},
year = {2016},
issn = {0020-0255},
doi = {10.1016/j.ins.2016.08.049},
author = {Yangyang Li and Yang Wang and Yaxiao Li and Licheng Jiao and Xiangrong Zhang and Rustam Stolkin}
}

@article{ZHOU2016337,
title = {A phase congruency based patch evaluator for complexity reduction in multi-dictionary based single-image super-resolution},
journal = {Information Sciences},
volume = {367-368},
pages = {337--353},
year = {2016},
issn = {0020-0255},
doi = {10.1016/j.ins.2016.05.024},
author = {Yu Zhou and Sam Kwong and Wei Gao and Xu Wang}
}

@inproceedings{ledig2016photo,
  title={Photo-realistic single image super-resolution using a generative adversarial network},
  author={C. Ledig and L. Theis and F. Huszár and J. Caballero and A. Cunningham and A. Acosta and A. Aitken and A. Tejani and J. Totz and Z. Wang and W. Shi},
  booktitle={IEEE Conference on Computer Vision and Pattern Recognition (CVPR)},
  pages={105--114},
  year={2017},
  doi = {10.1109/CVPR.2017.19}
}

@inproceedings{johnson2016perceptual,
  title={Perceptual losses for real-time style transfer and super-resolution},
  author={Johnson, Justin and Alahi, Alexandre and Fei-Fei, Li},
  booktitle={European Conference on Computer Vision (ECCV)},
  pages={694--711},
  year={2016},
  doi = {10.1007/978-3-319-46475-6_43}
}

@inproceedings{yu2014discriminative,
  title={Discriminative coupled dictionary hashing for fast cross-media retrieval},
  author={Yu, Zhou and Wu, Fei and Yang, Yi and Tian, Qi and Luo, Jiebo and Zhuang, Yueting},
  booktitle={Proceedings of the 37th International ACM SIGIR Conference on Research \& Development in Information Retrieval},
  pages={395--404},
  year={2014},
  doi = {10.1145/2600428.2609563}
}

@article{XIONG2018328,
title = "Gradient boosting for single image super-resolution",
author = "Dongping Xiong and Qiuling Gui and Wenguang Hou and Mingyue Ding",
journal = "Information Sciences",
volume = "454-455",
pages = "328 - 343",
year = "2018",
doi = "10.1016/j.ins.2018.04.075"
}

@article{TANG2018577,
title = "Combining sparse coding with structured output regression machine for single image super-resolution",
author = "Yongliang Tang and Weiguo Gong and Qiane Yi and Weihong Li",
journal = "Information Sciences",
volume = "430-431",
pages = "577 - 598",
year = "2018",
issn = "0020-0255",
doi = "10.1016/j.ins.2017.12.001"
}

@article{JIANG2016354,
title = "Noise robust position-patch based face super-resolution via Tikhonov regularized neighbor representation",
author = "Junjun Jiang and Chen Chen and Kebin Huang and Zhihua Cai and Ruimin Hu",
journal = "Information Sciences",
volume = "367-368",
pages = "354 - 372",
year = "2016",
issn = "0020-0255",
doi = "10.1016/j.ins.2016.05.032"
}

@article{LIU2016198,
title = "Local structure based multi-phase collaborative representation for face recognition with single sample per person",
author = "Fan Liu and Jinhui Tang and Yan Song and Ye Bi and Sai Yang",
journal = "Information Sciences",
volume = "346-347",
pages = "198 - 215",
year = "2016",
issn = "0020-0255",
doi = "10.1016/j.ins.2016.02.001"
}

@article{DENG2016107,
title = "Single image super-resolution by approximated Heaviside functions",
author = "Liang-Jian Deng and Weihong Guo and Ting-Zhu Huang",
journal = "Information Sciences",
volume = "348",
pages = "107 - 123",
year = "2016",
issn = "0020-0255",
doi = "10.1016/j.ins.2016.02.015"
}

@ARTICLE{7247744,
author={C. Deng and J. Xu and K. Zhang and D. Tao and X. Gao and X. Li},
journal={IEEE Transactions on Neural Networks and Learning Systems},
title={Similarity Constraints-Based Structured Output Regression Machine: An Approach to Image Super-Resolution},
year={2016},
volume={27},
number={12},
pages={2472-2485},
month={Dec},
doi={10.1109/TNNLS.2015.2468069}
}

@article{KANG2018199,
title = "Locally linear ensemble for regression",
journal = "Information Sciences",
volume = "432",
pages = "199 - 209",
year = "2018",
doi = "10.1016/j.ins.2017.12.022",
author = "Seokho Kang and Pilsung Kang"
}

@article{XU2017171,
title = "Sample diversity, representation effectiveness and robust dictionary learning for face recognition",
journal = "Information Sciences",
volume = "375",
pages = "171 - 182",
year = "2017",
doi = "10.1016/j.ins.2016.09.059",
author = "Yong Xu and Zhengming Li and Bob Zhang and Jian Yang and Jane You"
}

@article{HUANG2018164,
title = "Locality-regularized linear regression discriminant analysis for feature extraction",
journal = "Information Sciences",
volume = "429",
pages = "164 - 176",
year = "2018",
doi = "10.1016/j.ins.2017.11.001",
author = "Pu Huang and Tao Li and Zhenqiu Shu and Guangwei Gao and Geng Yang and Chengshan Qian"
}

@article{LAI2016219,
title = "Visual speaker identification and authentication by joint spatiotemporal sparse coding and hierarchical pooling",
journal = "Information Sciences",
volume = "373",
pages = "219 - 232",
year = "2016",
doi = "10.1016/j.ins.2016.09.015",
author = "Jun-Yao Lai and Shi-Lin Wang and Alan Wee-Chung Liew and Xing-Jian Shi"
}

@article{LENG2016188,
title = "3D object understanding with 3D Convolutional Neural Networks",
journal = "Information Sciences",
volume = "366",
pages = "188 - 201",
year = "2016",
doi = "10.1016/j.ins.2015.08.007",
author = "Biao Leng and Yu Liu and Kai Yu and Xiangyang Zhang and Zhang Xiong"
}

@article{LIU201641,
title = "Complex activity recognition using time series pattern dictionary learned from ubiquitous sensors",
journal = "Information Sciences",
volume = "340-341",
pages = "41 - 57",
year = "2016",
doi = "10.1016/j.ins.2016.01.020",
author = "Li Liu and Yuxin Peng and Shu Wang and Ming Liu and Zigang Huang"
}

@article{CHANG201849,
title = "Single image super-resolution using collaborative representation and non-local self-similarity",
journal = "Signal Processing",
volume = "149",
pages = "49 - 61",
year = "2018",
doi = "10.1016/j.sigpro.2018.02.031",
author = "Kan Chang and Pak Lun Kevin Ding and Baoxin Li"
}

@inproceedings{yu2017multi,
  title={Multi-modal factorized bilinear pooling with co-attention learning for visual question answering},
  author={Yu, Zhou and Yu, Jun and Fan, Jianping and Tao, Dacheng},
  booktitle={IEEE International Conference on Computer Vision (ICCV)},
  pages = {1839-1848},
  doi = {10.1109/ICCV.2017.202},
  year={2017}
}

@inproceedings{timofte2017ntire,
  title={Ntire 2017 challenge on single image super-resolution: Methods and results},
  author={Timofte, Radu and Agustsson, Eirikur and Van Gool, Luc and Yang, Ming-Hsuan and Zhang, Lei and Lim, Bee and Son, Sanghyun and Kim, Heewon and Nah, Seungjun and Lee, Kyoung Mu and others},
  booktitle={IEEE Conference on Computer Vision and Pattern Recognition Workshops (CVPRW)},
  pages={1110--1121},
  year={2017},
  doi={10.1109/CVPRW.2017.149}
}
